@article{wang,
author = {Wang, Haozhou and Zheng, Kai and Xu, Jiajie and Zheng, Bolong and Zhou, Xiaofang and Sadiq, Shazia},
year = {2014},
month = {11},
pages = {1409-1418},
title = {SharkDB: An In-Memory Column-Oriented Trajectory Storage},
booktitle = {CIKM 2014 - Proceedings of the 2014 ACM International Conference on Information and Knowledge Management}
}
